<?xml version="1.0" encoding="UTF-8"?>
<marc:record xmlns:marc="http://www.loc.gov/MARC21/slim"
             xmlns:saxon="http://icl.com/saxon"
             xmlns="http://www.loc.gov/MARC21/slim"
             xmlns:oclcterms="http://purl.org/oclc/terms/"
             xmlns:dc="http://purl.org/dc/elements/1.1/"
             xmlns:diag="http://www.loc.gov/zing/srw/diagnostic/"
             xmlns:zs="http://www.loc.gov/zing/srw/"
             xmlns:xlink="http://www.w3.org/1999/xlink"
             xmlns:xsi="http://www.w3.org/2001/XMLSchema-instance"
             xsi:schemaLocation="http://www.loc.gov/MARC21/slim https://www.loc.gov/standards/marcxml/schema/MARC21slim.xsd">
   <leader>00000cam a2200000Ia 4500</leader>
   <controlfield tag="001">34728592</controlfield>
   <controlfield tag="008">960514s1996 pau b f000 0 eng </controlfield>
   <datafield ind1=" " ind2=" " tag="040">
      <subfield code="a">AGL</subfield>
      <subfield code="b">eng</subfield>
      <subfield code="c">AGL</subfield>
      <subfield code="d">OCLCQ</subfield>
      <subfield code="d">SPI</subfield>
      <subfield code="d">OCLCO</subfield>
      <subfield code="d">OCLCA</subfield>
      <subfield code="d">OCLCF</subfield>
      <subfield code="d">OCLCQ</subfield>
      <subfield code="d">COD</subfield>
      <subfield code="d">OCLCA</subfield>
      <subfield code="d">AGM</subfield>
      <subfield code="d">OCLCA</subfield>
   </datafield>
   <datafield ind1=" " ind2="4" tag="050">
      <subfield code="a">SD11</subfield>
      <subfield code="b">.U673 no.215, 1996</subfield>
   </datafield>
   <datafield ind1="0" ind2=" " tag="070">
      <subfield code="a">aSD11.U56</subfield>
      <subfield code="b">no.215</subfield>
   </datafield>
   <datafield ind1=" " ind2="0" tag="072">
      <subfield code="a">X200</subfield>
   </datafield>
   <datafield ind1=" " ind2="0" tag="072">
      <subfield code="a">K001</subfield>
   </datafield>
   <datafield ind1=" " ind2=" " tag="074">
      <subfield code="a">0083-B-06</subfield>
   </datafield>
   <datafield ind1=" " ind2="4" tag="082">
      <subfield code="a">634.9</subfield>
   </datafield>
   <datafield ind1="0" ind2=" " tag="086">
      <subfield code="a">A 13.88:NE-215</subfield>
   </datafield>
   <datafield ind1="1" ind2=" " tag="100">
      <subfield code="a">Adams, Edward L.</subfield>
      <subfield code="q">(Edward Lee),</subfield>
      <subfield code="d">1935-</subfield>
   </datafield>
   <datafield ind1="1" ind2="0" tag="245">
      <subfield code="a">PC-SOLVE III user's manual :</subfield>
      <subfield code="b">a procedural guide for computer-based sawmill analysis /</subfield>
      <subfield code="c">Edward L. Adams.</subfield>
   </datafield>
   <datafield ind1=" " ind2=" " tag="260">
      <subfield code="a">Radnor, PA :</subfield>
      <subfield code="b">U.S. Dept. of Agriculture, Forest Service, Northeastern Forest
              Experiment Station,</subfield>
      <subfield code="c">[1996]</subfield>
   </datafield>
   <datafield ind1=" " ind2=" " tag="300">
      <subfield code="a">36 pages ;</subfield>
      <subfield code="c">28 cm.</subfield>
   </datafield>
   <datafield ind1=" " ind2=" " tag="336">
      <subfield code="a">text</subfield>
      <subfield code="b">txt</subfield>
      <subfield code="2">rdacontent</subfield>
   </datafield>
   <datafield ind1=" " ind2=" " tag="337">
      <subfield code="a">unmediated</subfield>
      <subfield code="b">n</subfield>
      <subfield code="2">rdamedia</subfield>
   </datafield>
   <datafield ind1=" " ind2=" " tag="338">
      <subfield code="a">volume</subfield>
      <subfield code="b">nc</subfield>
      <subfield code="2">rdacarrier</subfield>
   </datafield>
   <datafield ind1="1" ind2=" " tag="490">
      <subfield code="a">General technical report NE ;</subfield>
      <subfield code="v">215</subfield>
   </datafield>
   <datafield ind1=" " ind2=" " tag="500">
      <subfield code="a">Cover title.</subfield>
   </datafield>
   <datafield ind1=" " ind2=" " tag="500">
      <subfield code="a">"February 1996"--Title page verso.</subfield>
   </datafield>
   <datafield ind1=" " ind2=" " tag="504">
      <subfield code="a">Includes bibliographical references (page 24).</subfield>
   </datafield>
   <datafield ind1=" " ind2="0" tag="650">
      <subfield code="a">Sawmills</subfield>
      <subfield code="x">Computer programs.</subfield>
   </datafield>
   <datafield ind1=" " ind2="0" tag="650">
      <subfield code="a">Hardwoods</subfield>
      <subfield code="x">Computer programs.</subfield>
   </datafield>
   <datafield ind1=" " ind2="7" tag="650">
      <subfield code="a">Hardwoods</subfield>
      <subfield code="x">Computer programs.</subfield>
      <subfield code="2">fast</subfield>
      <subfield code="0">(OCoLC)fst00951405</subfield>
   </datafield>
   <datafield ind1=" " ind2="7" tag="650">
      <subfield code="a">Sawmills</subfield>
      <subfield code="x">Computer programs.</subfield>
      <subfield code="2">fast</subfield>
      <subfield code="0">(OCoLC)fst01106111</subfield>
   </datafield>
   <datafield ind1=" " ind2="3" tag="650">
      <subfield code="a">Sawing.</subfield>
   </datafield>
   <datafield ind1=" " ind2="3" tag="650">
      <subfield code="a">Lumber.</subfield>
   </datafield>
   <datafield ind1=" " ind2="3" tag="650">
      <subfield code="a">Prices.</subfield>
   </datafield>
   <datafield ind1=" " ind2="3" tag="650">
      <subfield code="a">Computer software.</subfield>
   </datafield>
   <datafield ind1=" " ind2="3" tag="650">
      <subfield code="a">Computer simulation.</subfield>
   </datafield>
   <datafield ind1="1" ind2=" " tag="710">
      <subfield code="a">United States.</subfield>
      <subfield code="b">Department of Agriculture.</subfield>
   </datafield>
   <datafield ind1="2" ind2=" " tag="710">
      <subfield code="a">Northeastern Forest Experiment Station (Radnor, Pa.)</subfield>
   </datafield>
   <datafield ind1="0" ind2="8" tag="776">
      <subfield code="i">Online version:</subfield>
      <subfield code="a">Adams, Edward L. (Edward Lee), 1935-</subfield>
      <subfield code="t">PC-SOLVE III user's manual.</subfield>
      <subfield code="d">Radnor, PA : U.S. Dept. of Agriculture, Forest Service, Northeastern
              Forest Experiment Station, [1996]</subfield>
      <subfield code="w">(OCoLC)903173266</subfield>
   </datafield>
   <datafield ind1=" " ind2="0" tag="830">
      <subfield code="a">General technical report NE ;</subfield>
      <subfield code="v">215.</subfield>
   </datafield>
</marc:record>
